% Encoding: UTF-8

@Book{Barry2010,
  author        = {Barry, Paul},
  title         = {Head First Python},
  year          = {2010},
  publisher     = {O'Reilly Media, Inc.},
  __markedentry = {[mafe:]},
}

@Book{Griffiths2009,
  author        = {Griffiths, David and Barry, Paul},
  title         = {Head First Programming: A Learner's Guide to Programming Using the Python Language},
  year          = {2009},
  publisher     = {O'Reilly Media, Inc.},
  __markedentry = {[mafe:]},
}

@Comment{jabref-meta: databaseType:biblatex;}
